# This file is maintained in a different repository. Please do not edit, all
# changes will be lost.
@string{I_CTIT = "Centre for Telematics and Information Technology, University of Twente"}
@string{I_HMI = "Human Media Interaction, Faculty of EEMCS, University of Twente"} 
@string{J_AJP = "Australian Journal of Psychology"}
@string{J_ALS = "Amyotrophic Lateral Sclerosis"}
@string{J_BC = "Brain and Cognition"}
@string{J_BCNR = "Behavioral and Cognitive Neuroscience Reviews"}
@string{J_BIT = "Behaviour \& Information Technology"}
@string{J_BP = "Biological Psychology"}
@string{J_BT = "Brain Topography"}
@string{J_CE = "Cognition and Emotion"}
@string{J_CILS = "Chemometrics and Intelligent Laboratory Systems"}
@string{J_CIN = "Computational Intelligence and Neuroscience"}
@string{J_Circulation = "Circulation"}
@string{J_CN = "Clinical Neurophysiology"}
@string{J_CPB = "CyberPsychology \& Behavior"}
@string{J_CSDA = "Computational Statistics \& Data Analysis"}
@string{J_EBR = "Experimental Brain Research"}
@string{J_EC = "Entertainment Computing"}
@string{J_ECN = "Electroencephalography and Clinical Neurophysiology"}
@string{J_FHN = "Frontiers in Human Neuroscience"}
@string{J_FN = "Frontiers in Neuroscience"}
@string{J_HBM = "Human Brain Mapping"}
@string{J_HMS = "Human Movement Science"}
@string{J_IC = "Interacting with Computers"}
@string{J_IEFRSP="IEE Proceedings-F: Radar \& Signal Processing"}
@string{J_IJAACS = "International Journal of Autonomous and Adaptive Communication Systems"}
@string{J_IJBEM = "International Journal of Bioelectromagnetism"}
@string{J_IJCAS = "International Journal of Control, Automation and Systems"}
@string{J_IJE = "International Journal of Ergonomics"}
@string{J_IJGCMS = "International Journal of Gaming and Computer-Mediated Simulations"}
@string{J_IJHCI = "International Journal of Human-Computer Interaction"}
@string{J_IJHCS = "International Journal of Human-Computer Studies"}
@string{J_IJN = "International Journal of Neuroscience"}
@string{J_IJP = "International Journal of Psychophysiology"}
@string{J_ITBE = "IEEE Transactions on Biomedical Engineering"}
@string{J_ITIT = "IEEE Transactions on Information Theory"}
@string{J_ITNSRE = "IEEE Transactions on Neural Systems and Rehabilitation Engineering"}
@string{J_ITPAMI = "IEEE Transactions on Pattern Analysis and Machine Intelligence"}
@string{J_ITRE = "IEEE Transactions on Rehabilitation Engineering"}
@string{J_JBTEP = "Journal of Behavior Therapy and Experimental Psychiatry"}
@string{J_JCN = "Journal of Cognitive Neuroscience"}
@string{J_JESP = "Journal of Experimental Social Psychology"}
@string{J_JMA = "Journal of Multivariate Analysis"}
@string{J_JMLR = "Journal of Machine Learning Research"}
@string{J_JNE = "Journal of Neural Engineering"}
@string{J_JN = "Journal of Neurophysiology"}
@string{J_JNM = "Journal of Neuroscience Methods"}
@string{J_JPSP = "Journal of Personality and Social Psychology"}
@string{J_MBEC = "Medical and Biological Engineering and Computing"}
@string{J_ML = "Machine Learning"}
@string{J_MTA = "Multimedia Tools and Applications"}
@string{J_Nature = "Nature"}
@string{J_NBP = "Neuroscience and Behavioral Physiology"}
@string{J_NC = "Neural Computation"}
@string{J_Neurocomputing = "Neurocomputing"}
@string{J_Neuroreport = "Neuroreport"}
@string{J_NI = "NeuroImage"}
@string{J_NL = "Neuroscience Letters"}
@string{J_NN = "Neural Networks"}
@string{J_PBMB = "Progress in Biophysics and Molecular Biology"}
@string{J_PB = "Psychological bulletin"}
@string{J_PIEEE = "Proceedings of the IEEE"}
@string{J_PLOS = "PLoS ONE"},
@string{J_PNAS = "Proceedings of the National Academy of Sciences of the United States of America"}
@string{J_PP = "Psychophysiology"}
@string{J_P = "Psychophysiology"}
@string{J_PRL = "Pattern Recognition Letters"}
@string{J_Science = "Science"}
@string{J_SPR = "Signal Processing Magazine"}
@string{J_TCS = "Trends in Cognitive Sciences"}
@string{J_TJN = "The Journal of Neuroscience"}
@string{J_TN = "Trends in Neurosciences"}
@string{J_WSEASTSP = "WSEAS Transactions on Signal Processing"}
@string{P_12ICEMUE = "Proceedings of the 12th International Conference on Entertainment and Media in the Ubiquitous Era"}
@string{P_2005ICHCI = "Proceedings of the 2005 International Conference on Human-Computer Interaction (HCI'05)"}
@string{P_4IBWTC = "Proceedings of the 4th International BCI Workshop \& Training Course"}
@string{P_8AIWP = "Proceedings of the 8th Annual International Workshop on Presence"}
@string{P_BCIC2011="Proceedings of the 5th International Brain-Computer Interface Conference 2011, Graz"}
@string{P_AAAI2006 = "Proceedings of the 21st National Conference on Artificial Intelligence (AAAI 2006)"}
@string{P_AISB2009 = "Proceedings of the AI and Games Symposium at the Artificial Intelligence and Simulation of Behaviour 2009 Convention (AISB 2009)"}
@string{P_AML = "Advances in Machine Learning"}
@string{P_BI = "Proceedings of International Conference on Brain Informatics (BI 2010)"}
@string{P_CW2010 = "Proceedings of the International Conference on CYBERWORLDS 2010"}
@string{P_ECAI2004 = "Proceedings of the 16th European Conference on Artificial Intelligence (ECAI2004)"}
@string{P_ECML2007 = "Proceedings of the 18th European Conference on Machine Learning (ECML 2007)"}
@string{P_Edu = "Edutainment"}
@string{P_IEMBS2004="Proceedings of the 26th Annual International Conference of the IEEE Engineering in Medicine and Biology Society (IEMBS 2004)"}
@string{P_EMBS2007 = "Proceedings of the 29th Annual International Conference of the IEEE Engineering in Medicine and Biology Society (EMBS 2007)"}
@string{P_EMBC2009 = "Proceedings of the 31st Annual International Conference of the IEEE Engineering in Medicine and Biology Society (EMBC 2009)"}
@string{P_EMBC2011 = "Proceedings of the 33st Annual International Conference of the IEEE Engineering in Medicine and Biology Society (EMBC 2011)"}
@string{P_HAIS = "Hybrid Artificial Intelligence Systems (HAIS)"}
@string{P_IBCIWTC2006 = "Proceedings of the 3rd International Brain-Computer Interface Workshop and Training Course 2006"}
@string{P_IBIS2006 = "2006 Workshop on Information-Based Induction Sciences (IBIS2006)"}
@string{P_ICA2009 = "Independent Component Analysis and Signal Separation 8th International Conference (ICA 2009)"}
@string{P_ICASSP = "Proceedings of the IEEE International Conference on Acoustics Speech and Signal Processing"}
@string{P_ICCME2007 = "IEEE/ICME International Conference on Complex Medical Engineering (CME 2007)"}
@string{P_ICCV2009 = "IEEE 12th International Conference on Computer Vision Workshops (ICCV Workshops)"}
@string{P_ICFG2008 = "Extended Abstracts of the International Conference on Fun and Games 2008"},
@string{P_ICME07 = "Proceedings of the 9th International Conference on Multimodal Interfaces (ICME 2007)"}
@string{P_ICPR2010="Proceedings of the 20th International Conference on Pattern Recognition (ICPR 2010)"}
@string{P_IICSMC = "IEEE International Conference on Systems, Man and Cybernetics"}
@string{P_IJCNN2004 = "Proceedings of the 2004 International Joint Conference on Neural Networks (IJCNN 2004)"}
@string{P_IJCNN2009 = "Proceedings of the 2009 International Joint Conference on Neural Networks (IJCNN 2009)"}
@string{P_IJCNN2010 = "Proceedings of the 2010 International Joint Conference on Neural Networks (IJCNN 2010)"}
@string{P_INTETAIN2009 = "Proceedings of the 3rd International Conference on Intelligent Technologies for Interactive Entertainment (INTETAIN 2009)"}
@string{P_KLICBEA = "4th Kuala Lumpur International Conference on Biomedical Engineering 2008"}
@string{P_MCRCS = "Multimedia Content Representation, Classification and Security"}
@string{P_MindTrek08 = "{MindTrek}: Proceedings of the 12th international conference on Entertainment and media in the ubiquitous era"}
@string{P_MLMI2008 = "Proceedings of the 5th International Workshop on Machine Learning for Multimodal Interaction (MLMI 2008)"}
@string{P_NIPS = "Advances in Neural Information Processing Systems (NIPS)"}
@string{P_PCACII2009 = "Proceedings of the Conference of Affective Computing and Intelligent Interaction"}
@string{P_PICBISSP = "Proceedings of the International Conference on Bio-Inspired Systems and Signal Processing"}
@string{P_PIIWRHIC = "Proceedings of the 13th IEEE International Workshop on Robot and Human Interactive Communication, RO-MAN 2004"}
@string{P_SSCI2011 = "IEEE Symposium on Computational Intelligence, Cognitive Algorithms, Mind, and Brain"}
@string{P_WASET = "World Academy of Science, Engineering and Technology (WASET)"}
@string{S_HCIS = "Human-Computer Interaction Series"}
@string{S_LNCS = "Lecture Notes in Computer Science"}
@string{S_LNICSSITE = "Lecture Notes of the Institute for Computer Sciences, Social Informatics and Telecommunications Engineering"}
