# This file is maintained in my notes repository. Please do not edit, all
# changes will be lost.
@article{vandelaar2011hhi,
  title = "How much control is enough? Optimizing fun with unreliable input",
  author = "Bram van de Laar and
    Danny Plass-Oude Bos and
    Boris Reuderink and
    Mannes Poel and
    Anton Nijholt",
  journal = J_IJE,
  year = 2011,
  note = "Submitted"
}

@unpublished{reuderink2011dss,
  author = "Boris Reuderink and
    Mannes Poel",
  title = "A latent-error support vector machine for non-{IID} data",
  year = 2011,
  note = "Submitted"
}
