# This file is maintained in my notes repository. Please do not edit, all
# changes will be lost.
@inproceedings{agarwal2005ldb,
  author = "Shivani Agarwal and
    Thore Graepel and
    Ralf Herbrich and
    Dan Roth",
  title = "A Large Deviation Bound for the Area Under the {ROC} Curve",
  booktitle = P_NIPS,
  volume = 17,
  year = 2005,
  pages = "9--16"
}

@book{anderson1980smc,
  author = "Sharon Anderson and
    Ariane Auquier and
    Walter W. Hauck and
    David Oakes and
    Walter Vandaele and
    Herbert I. Weisberg",
  title = "Statistical Methods for Comparative Studies: 
    Techniques for Bias Reduction",
  series = "Wiley series in probability and mathematical statistics",
  year = 1980,
  publisher = "John Wiley \& Sons, Inc.",
  address = "New York"
}

@article{axmacher2010,
  author = "Nikolay Axmacher and
    Melanie M. Henseler and
    Ole Jensen and
    Ilona Weinreich and
    Christian E. Elger and
    Juergen Fell",
  title = "Cross-frequency coupling supports multi-item working memory in the
    human hippocampus",
  journal = J_PNAS,
  year = 2010,
  volume = 107,
  number = 7,
  pages = "3228--3233"
}

@article{bayliss2003uep,
  author = "Jessica D. Bayliss",
  title = "Use of the evoked potential {P3} component for control 
    in a virtual apartment",
  journal = J_ITNSRE,
  year = 2003,
  volume = 11,
  number = 1,
  pages = "113--116"
}

@article{bayliss2004cpb,
  author = "Jessica D. Bayliss and
    Samuel A. Inverso and
    Aleksey Tentler",
  title = "Changing the {P300} Brain Computer Interface",
  journal = J_CPB,
  year = 2004,
  volume = 7,
  number = 6,
  pages = "694--704"
}

@article{bell1995ima,
  author = "Anthony J. Bell and
    Terrence J. Sejnowski",
  title = "An Information-Maximization Approach to Blind Separation and 
    Blind Deconvolution",
  journal = J_NC,
  year = 1995,
  volume = 7,
  number = 6,
  pages = "1129--1159"
}

@article{birbaumer1999sdp,
  author = "Niels Birbaumer and
    Nimr Ghanayim and
    Thilo Hinterberger and
    Iver Iversen and
    Boris Kotchoubey and
    Andrea K{\"u}bler and
    Juri Perelmouter and
    Edward Taub and
    Herta Flor",
  title = "A spelling device for the paralysed",
  journal = J_Nature,
  year = 1999,
  volume = 398,
  pages = "297--298"
}

@article{blankertz2003bbr,
  author = "Benjamin Blankertz and 
    Guido Dornhege and
    Christin Sch{\"a}fer and
    Roman Krepki and
    Jens Kohlmorgen and
    Klaus-Robert M{\"u}ller and 
    Volker Kunzmann and 
    Florian Losch and
    Gabriel Curi",
  title = "Boosting Bit Rates and Error Detection for the Classification of
    Fast-Paced Motor Commands Based on Single-Trial {EEG} Analysis",
  journal = J_ITNSRE,
  year = 2003,
  volume = 11,
  number = 2,
  pages = "127--131"
}

@article{blankertz2006bc3,
  author = "Benjamin Blankertz and
    Klaus-Robert M{\"u}ller and
    Dean Krusienski and
    Gerwin Schalk and
    Jonathan R. Wolpaw and
    Alois Schl{\"o}gl and
    Gert Pfurtscheller and
    Jos{\'e} del R. Mill{\'an} and
    Michael Schr{\"o}der and
    Niels Birbaumer",
  title = "The {BCI} Competition {III}:
    Validating Alternative Approaches to Actual {BCI} Problems",
  year = 2006,
  journal = J_ITNSRE,
  volume = 14,
  number = 2,
  pages = "153--159"
}

@article{blankertz2006bbc,
  author = "Benjamin Blankertz and
    Guido Dornhege and
    Matthias Krauledat and
    Klaus-Robert M{\"u}ller and
    Volker Kunzmann and
    Florian Losch and
    Gabriel Curio",
  title = "The {B}erlin {B}rain-{C}omputer {I}nterface: {EEG-based}
    communication without subject training",
  journal = J_ITNSRE,
  year = 2006,
  volume = 14,
  number = 2,
  pages = "147--152"
}

@inproceedings{blankertz2007ics,
  author = "Benjamin Blankertz and
    Motoaki Kawanabe and
    Ryota Tomioka and
    Friederieke U. Hohlefeld and
    Vadim Nikullin and
    Klaus-Robert M{\"u}ller",
  title = "Invariant Common Spatial Patterns: 
    Alleviating Nonstationarities in Brain-Computer Interfacing",
  booktitle = P_NIPS,
  volume = 20,
  year = 2007,
  pages = "113--120" 
}

@article{blankertz2008osf,
  author = "Benjamin Blankertz and
    Ryota Tomioka and
    Steven Lemm and
    Motoaki Kawanabe and
    Klaus-Robert M{\"u}ller",
  title = "Optimizing Spatial filters for Robust {EEG} Single-Trial Analysis",
  journal = J_SPR,
  year = 2008,
  volume = 25,
  number = 1,
  pages = {41--56}
}

@article{blankertz2008bbc,
  author = "Benjamin Blankertz and
    Florian Losch and 
    Matthias Krauledat and
    Guido Dornhege and
    Gabriel Curio and
    Klaus-Robert M{\"u}ller",
  title = "The {B}erlin {B}rain-{C}omputer {I}nterface: Accurate Performance
    From First-Session in {BCI}-Na{\"i}ve Subjects",
  journal = J_ITBE,
  year = 2008,
  volume = 55,
  number = 10,
  pages = "2452--2462"
}

@article{blankertz2011sta,
  author = "Benjamin Blankertz and
    Steven Lemm and
    Matthias Treder and
    Stefan Haufe and
    Klaus-Robert M{\"u}ller",
  title = "Single-trial analysis and classification of {ERP} components 
    --- A tutorial",
  journal = J_NI,
  year = 2011,
  volume = 56,
  number = 2,
  month = "May",
  pages = "814--825"
}

@article{bobrov2011bci,
  author = "Pavel Bobrov and
    Alexander Frolov1 and
    Charles Cantor and 
    Irina Fedulova and
    Mikhail Bakhnyan and
    Alexander Zhavoronkov",
  title = "Brain-Computer Interface Based on Generation of Visual Images",
  journal = J_PLOS,
  year = 2011,
  volume = 6,
  number = 6,
  pages = "e20674",
}

@book{bracewell2000fta,
  author = "Ronald N. Bracewell",
  title = "The Fourier Transform and its Applications",
  publisher = "McGraw-Hill",
  edition = "Third",
  year = 2000,
}

@article{bradly1994mes,
  author = "Margaret M. Bradley and Peter J. Lang",
  title = "MEASURING EMOTION: THE SELF-ASSESSMENT MANIKIN AND 
    THE SEMANTIC DIFFERENTIAL",
  journal = J_JBTEP,
  year = 1994,
  month = "March",
  volume = 25,
  number= 1,
  pages = "49--59"
}

@article{bro1997pta,
  author = "Rasmus Bro",
  title = "{PARAFAC}. {T}utorial and applications",
  year = 1997,
  journal = J_CILS,
  volume = 38,
  number = 2,
  pages = "149--171"
}

@inproceedings{bunau2009ssa,
  author = "Paul von B{\"u}nau and
    Frank C. Meinecke and
    Klaus-Robert M{\"uller}",
  title = "Stationary Subspace Analysis",
  series = S_LNCS,
  volume = "5441/2009",
  year = 2009,
  booktitle = P_ICA2009,
  pages = "1--8"
}

@article{canolty2006hgp,
  author = "Ryan T. Canolty and
    Erik Edwards and
    Sarang S. Dalal and
    Maryam Soltani and
    Srikantan S. Nagarajan and
    Heidi E. Kirsch and
    Mitchel S. Berger and
    Nicholas M. Barbaro and
    Robert T. Knight",
  title = "High Gamma Power Is Phase-Locked to Theta Oscillations in Human
    Neocortex",
  year = 2006,
  journal = J_Science,
  volume = 313,
  number = 5793,
  pages = "1626--1628"
}

@article{canolty2010frc,
  author = "Ryan T. Canolty and
    Robert T. Knight",
  title = "The functional role of cross-frequency coupling",
  journal = J_TCS,
  year = 2010,
  month = "November",
  volume = 14,
  number = 11,
  pages = "506--515"
}

@article{cardoso1993bbn,
  author = "Cardoso, Jean-Fran\c{c}ois and
    Souloumiac, Antoine",
  title = "Blind beamforming for non-Gaussian signals",
  journal = J_IEFRSP,
  year = 1993,
  volume = 140,
  number = 6,
  pages = "362--370",
}

@article{christoforou2010sob,
  author = "Christoforos Christoforou and
    Robert Haralick	and
    Paul Sajda	and
    Lucas C. Parra",
  title = "Second-Order Bilinear Discriminant Analysis",
  journal = J_JMLR,
  year = 2010,
  volume = 11,
  pages = "665--685"
}


@article{colgin2009fgo,
  author = "Laura L. Colgin and
    Tobias Denninger and
    Marianne Fyhn and
    Torkel Hafting and
    Tora Bonnevie and
    Ole Jensen and
    May-Britt Moser and
    Edvard I. Moser",
  title = "Frequency of gamma oscillations routes flow of information in the 
    hippocampus",
  journal = J_Nature,
  year = 2009,
  volume = 462,
  month = "November"
}

@article{cortes1995svn,
  author = "Corinna Cortes and
    Vladimir Vapnik",
  title = "Support-Vector Networks",
  year = 1995,
  journal = J_ML,
  volume = 20,
  number = 3,
  pages = "273--297",
}

@article{castellanos2006reb,
  author = "Nazareth P. Castellanos and Valeri A. Makarov",
  title = "Recovering {EEG} brain signals: Artifact suppression with 
    wavelet enhanced independent component analysis",
  journal = J_JNM,
  volume = 158,
  year = 2006,
  pages = "300--312"
}

@article{chapelle2007tsp,
  author = "Oliver Chapelle",
  title = "Training a Support Vector Machine in the Primal",
  journal = J_NC,
  year = 2007,
  volume = 19,
  number = 5,
  pages = "1155--11778",
  month = "May"
}

@inproceedings{chanel2008bea,
  author = "Guillaume Chanel and
    Cyril Rebetez and
    Mireille B{\'e}trancourt and
    Thierry Pun",
  title = "Boredom, Engagement and Anxiety as Indicators for 
    Adaptation to Difficulty in Games",
  booktitle = P_12ICEMUE,
  year = 2008,
  pages = "13--17"
}

@article{cohen2008atc,
  author = "Michael X. Cohen",
  title = "Assessing transient cross-frequency coupling in {EEG} data",
  journal = J_JNM,
  year = 2008,
  volume = 168,
  pages = "494--499",
}

@article{cohen2009gvc,
  author = "Michael X. Cohen and
    Nikolay Axmacher and
    Doris Lenartz and
    Christian E. Elger and
    Volker Sturm and
    Thomas E. Schlaepfer",
  title = "Good Vibrations: Cross-frequency Coupling in the Human Nucleus
    Accumbens during Reward Processing", 
  journal = J_JCN,
  year = 2009,
  volume = 21,
  number = 5,
  pages = "875--889"
}

@article{cohen2011iat,
  author = "Michael X. Cohen",
  title = "It's about time",
  journal = J_FHN,
  year = 2011,
  volume = 5,
  number = 2,
  pages = "",
}

@book{cover2006eit,
  author = "Thomas M. Cover and Joy A. Thomas",
  title = "Elements of Information Theory",
  edition = "Second",
  publisher = "Wiley",
  year = 2006,
  month = "July"
}

@book{csikszentmihalyi1990fpo,
  author = "Mihaly Csikszentmihalyi",
  title = "Flow: the psychology of optimal experience",
  year = 1990,
  publisher = "Harper \& Row",
  address = "New York"
}

@inproceedings{diener2006eaa,
  author = "Holger Diener and Karina Oertel",
  title = "Experimental Approach to Affective Interaction in Games",
  booktitle = P_Edu,
  volume = "3942/2006",
  year = 2006,
  pages = "507--518",
}

@article{dohono2006cs,
  author = "David Dohono",
  title = "Compressed sensing",
  journal = J_ITIT,
  year = 2006,
  volume = 52,
  number = 4,
  pages = "1289--1306"
}

@article{delange2008ibp,
  author = "de Lange, Floris P. and
    Ole Jensen and
    Markus Bauer and
    Ivan Toni",
  title = "Interactions between posterior gamma and frontal alpha/beta
    oscillations during imagined actions",
  journal = J_FHN,
  year = 2008,
  volume = 2,
  number = 7,
  pages = ""
}

@article{demsar2006scc,
  author = "Janez Dem\v{s}ar",
  journal = J_JMLR,
  title = "Statistical Comparisons of Classifiers over Multiple Data Sets",
  year = 2006,
  volume = 7,
  month = "December",
  pages = "1--30"
}

@article{farquhar2009lfs,
  author = "Jason Farquhar",
  title = "A linear feature space for simultaneous learning of spatio-spectral
    filters in {BCI}",
  journal = J_NN,
  year = 2009,
  volume = 22,
  pages = "1278--1285"
}

@article{farwell1988tth,
  author = "Lawrence A. Farwell and
    Emanual Donchin",
  title = "Talking off the top of your head: toward a mental prosthesis
    utilizing event-related brain potentials",
  journal = J_ECN,
  year = 1988,
  volume = 70,
  number = 6,
  pages = "510--523"
}

@article{fawcett2005ira,
  author = "Tom Fawcett",
  title = "An introduction to {ROC} analysis",
  year = 2005,
  journal = J_PRL, 
  volume = 27,
  number = 8,
  pages = "861--874"
}

@article{fazli2009sim,
  author = "Siamac Fazli and
    Florin Popescu and
    M{\'a}rton Dan{\'o}czy and
    Benjamin Blankertz and
    Klaus-Robert M{\"u}ller and
    Cristian Grozea",
  title = "Subject-independent mental state classification in single trials",
  journal = J_NN,
  year = 2009,
  volume = 22,
  number = 6,
  pages = "1305--1312",
}

@article{fazli2011lpl,
  author = "Siamac Fazli and
    M{\'a}rton Dan{\'o}czy and
    J{\"u}rg Schelldorfer and
    Klaus-Robert M{\"u}ller",
  title = "$\ell_1$-penalized linear mixed-effects models for high dimensional
    data with application to {BCI}",
  journal = J_NI,
  year = 2011,
  volume = 56,
  number = 4,
  pages = "2100--2108"
}

@article{goldberger2000ppp,
  author = "Ary L. Goldberger and
   Luis A. N. Amaral and
   Leon Glass and
   Jeffrey M. Hausdorff and
   Plamen Ch. Ivanov and
   Roger G. Mark and
   Joseph E. Mietus and
   George B. Moody and
   Chung-Kang Peng and
   H. Eugene Stanley",
  title = "{PhysioBank}, {PhysioToolkit}, and {PhysioNet}",
  year = 2000,
  journal = J_Circulation,
  volume = 101,
  number = 23,
  pages = "e215--e220"
}

@article{gray2004pia,
  author = "Heather M. Gray and
    Nalini Ambady and
    William T. Lowenthal and 
    Patricia Deldin",
  title = "{P300} as an index of attention to self-relevant stimuli",
  journal = J_JESP,
  year = 2004,
  volume = 40,
  pages = "216--224"
}

@inproceedings{grosse-wentrup2006asf,
  author = "Moritz Grosse-Wentrup and 
    Klaus Gramann and 
    Martin Buss",
  title = "Adaptive Spatial Filters with predefined Region of Interest for {EEG}
    based Brain-Computer-Interfaces",
  booktitle = P_NIPS,
  year = 2006,
  volume = 19,
  pages = "537--544"
}

@article{guger2003hmp,
  author = "Christoph Guger and
    G{\"u}nter Edlinger and
    Werner Harkam and
    Ingo Niedermayer and
    Gert Pfurtscheller",
  title = "How many people are able to operate an {EEG}-based brain-computer
    interface ({BCI})?",
  journal = J_ITNSRE,
  year = 2003,
  volume = 11,
  number = 2,
  pages = "145--147"
}

@inproceedings{gurkok2010cmi,
  author = "Hayrettin G{\"u}rk{\"o}k and
    Mannes Poel and
    Job Zwiers",
  title = "Classifying motor imagery in presence of speech",
  booktitle = P_IJCNN2010,
  year = 2010,
  pages = "1235--1242",
}

@inproceedings{heraz2007ptm,
  author = "Alicia Heraz and
    Claude Frasson",
  title = "Predicting the Three Major Dimensions of the Learner's Emotions 
    from Brainwaves",
  booktitle = P_WASET,
  year = 2007,
  volume = 31,
  pages = "323--329"
}

@inproceedings{hill2006tdd,
  author = "Jeremy Hill and
    Jason Farquhar and
    Thomas N. Lal and
    Bernhard Sch{\"o}lkopf",
  title = "Time-Dependent Demixing of Task-Relevant {EEG} Signals",
  booktitle = P_IBCIWTC2006,
  year = 2006
}

@article{hyvarinen2000ica,
  author = "Hyv{\"a}rinen, Aapo and
    Oja, Erkki",
  title = "Independent component analysis: algorithms and applications",
  journal = J_NN,
  year = 2000,
  volume = 13,
  issue = "4--5",
  pages = "411--430",
}

@article{hof1984emg,
  author = "Hof, Altinus Lucilus",
  title = "{EMG} and muscle force: An introduction",
  journal = J_HMS,
  volume = 3,
  number = "1--2",
  year = 1984,
  pages = "119--153"
}

@article{huggins2011wwb,
  author = "Jane E. Huggins and
    Patricia A. Wren and
    Kirsten L. Gruis",
  title = "What would brain-computer interface users want? {O}pinions and
    priorities of potential users with amyotrophic lateral sclerosis",
  journal = J_ALS,
  year = 2011,
  note = "In press.",
}


@inproceedings{jatzev2008ecn,
  author = "Sabine Jatzev and
    Thorsten O. Zander and
    Monica De Filippis and
    Christian Kothe and
    Sebastian Welke and
    Matthias R{\"o}tting",
  title = "Examining causes for nonstationarities: 
    the loss of controllability is a factor which induces nonstationarities",
  booktitle = P_4IBWTC,
  publisher = "Verlag der Technischen Universit{\"a}t Graz",
  year = 2008,
  pages = "138--143"
}

@inproceedings{jensen2004cop,
  author = "Ole Jensen",
  title = "Computing with oscillations by phase encoding and decoding",
  booktitle = P_IJCNN2004,
  year = 2004,
  pages = "626--630"
}

@article{jensen2007cfc,
  author = "Ole Jensen and
    Laura L. Colgin",
  title = "Cross-frequency coupling between neuronal oscillations",
  journal = J_TCS,
  year = 2007,
  volume = 11,
  number = 7,
  pages = "267--269"
}

@article{jensen2007hgf,
  author = "Ole Jensen and
    Jochen Kaiser and
    Jean-Philippe Lachaux",
  title = "Human gamma-frequency oscillations associated with attention and
    memory",
  journal = J_TN,
  year = 2007,
  volume = 30,
  number = 7,
  pages = "317--342"
}

@article{kapoor2007apf,
  author = "Ashish Kapoor and Winslow Burleson and Rosalind W. Picard",
  title = "Automatic prediction of frustration",
  journal = J_IJHCS,
  volume = 65,
  year = 2007,
  pages = "724-736",
  month = "August"
}

@inproceedings{kayagil2007bec,
	author = "Kayagil, Turan A. and 
    Bai, Ou and 
    Lin, Peter and 
    Furlani, Steve and 
    Vorbach, Sherry and 
    Hallett, Mark",
	title = "Binary {EEG} Control for Two-Dimensional Cursor Movement:
    An Online Approach",
  booktitle = P_ICCME2007,
  year = 2007,
  month = "May",
	pages = "1542--1545"
}

@article{klein2002cru,
  author = "Jonathan Klein and Youngme Moon and Rosalind W. Picard",
  title = "This computer responds to user frustration: 
    Theory, design, and results",
  journal = J_IC,
  volume = 14,
  pages = "119--140",
  year = 2002
}
@article{koelewijn2008mcb,
  author = "Thomas Koelewijn and
    Hein T. van Schie and
    Harold Bekkering and
    Robert Oostenveld and
    Ole Jensen",
  title = "Motor-cortical beta oscillations are modulated by correctness of
    observed action",
  journal = J_NI,
  year = 2008,
  volume = 40,
  pages = "767--775"
}
  
@article{koles1991qet,
	author = "Zoltan J. Koles",
	title = "The quantitative extraction and topographic mapping of 
    the abnormal components in the clinical {EEG}",
  journal = J_ECN,
	volume = 79,
	number = 6,
	pages = "440--447",
	year = 1991,
	month = "December",
}

@inproceedings{krauledat2004isa,
  author = "Matthias Krauledat and
    Guido Dornhege and
    Benjamin Blankertz and
    Florian Losch and
    Gabriel Curio and
    Klaus-Robert M{\"u}ller",
  title = "IMPROVING SPEED AND ACCURACY OF BRAIN-COMPUTER INTERFACES USING
READINESS POTENTIAL FEATURES",
  booktitle = P_IEMBS2004,
  year = 2004,
  pages = "4511--4515"
}

@article{krauledat2008tzt,
  author = "Matthias Krauledat and
    Michael Tangermann and
    Benjamin Blankertz and
    Klaus-Robert M{\"u}ller",
  title = "Towards Zero Training for Brain-Computer Interfacing",
  journal = J_PLOS,
  year = 2008,
  volume = 3,
  pages = "e2967"
}

@phdthesis{krauledat2008ane,
  author = "Matthias Krauledat",
  title = "Analysis of Nonstationarities in EEG Signals for Improving
    Brain-Computer Interface Performance",
  year = 2008,
  month = "March",
  school = "Technical University Berlin"
}

@article{krepki2007bbc,
  author = "Roman Krepki and 
    Benjamin Blankertz and 
    Gabriel Curio and 
    Klaus-Robert M{\"u}ller",
  title = "The {B}erlin {B}rain-{C}omputer Interface ({BBCI}) - towards a new
    communication channel for online control in gaming applications",
  journal = J_MTA,
  volume = 33,
  number = 1,
  year = 2007,
  pages = "73--90",
  month = "April"
}

@article{kirsteva-feige2002eap,
  author = "Rumyana Kristeva-Feige and
    Christoph Fritsch and
    Jens Timmer and
    Carl-Hermann L{\"u}cking",
  title = "Effects of attention and precision of exerted force on beta range 
    {EEG}-{EMG} synchronization during a maintained motor contraction task",
  journal = J_CN,
  year = 2002,
  volume = 113,
  pages = "123--131"
}

@inproceedings{kronegg2005abr,
  author = "Julien Kronegg and
    Svyatoslav Voloshynovskiy and
    Thierry Pun",
  title = "Analysis of bit-rate definitions for Brain-Computer Interfaces",
  booktitle = P_2005ICHCI,
  year = 2005,
  pages = "40--46"
}

@article{kronegg2007ebs,
  author = "Julien Kronegg and
    Guillaume Chanel and
    Sviatoslav Voloshynovskiy and 
    Thierry Pun",
  title = "{EEG}-Based Synchronized Brain-Computer Interfaces: 
    A Model for Optimizing the Number of Mental Tasks",
  journal = J_ITNSRE,
  year = 2007,
  volume = 15,
  number = 1,
  pages = "50--58",
}

@article{kuebler1999ttd,
  author = "Andrea K{\"ubler} and
    Boris Kotchoubey and
    Thilo Hinterberger and
    Nimr Ghanayim and
    Juri Perelmouter and 
    Margarete Schauer and
    Christoph Fritsch and
    Edward Taub and
    Niels Birbaumer",
  title = "The thought translation device: a neurophysiological approach to
    communication in total motor paralysis",
  journal = J_EBR,
  year = 1999,
  volume = 124,
  number = 2,
  pages = "223--232"
}

@article{lakatos2005ohc,
  author = "Peter Lakatos and
    Ankoor S. Shah and
    Kevin H. Knuth and
    Istvan Ulbert and
    George Karmos and 
    Charles E. Schroeder",
  title = "An Oscillatory Hierarchy Controlling Neuronal Excitability and
    Stimulus Processing in the Auditory Cortex",
  journal = J_JN,
  year = 2005,
  volume = 9,
  number = 3,
  pages = "1904--1911",
}


@article{lazar2002cbs,
  author = "Nicole A. Lazar and
    Beatriz Luna and
    John A. Sweeney and
    William F. Eddy",
  title = "Combining Brains: A Survey of Methods for Statistical Pooling of Information",
  journal = J_NI,
  year = 2002,
  volume = 16,
  pages = "538--550"
}

@article{ledoit2004wce,
  author = "Olivier Ledoit and Michael Wolf",
  title = "A well-conditioned estimator for large-dimensional covariance 
    matrices",
  journal = J_JMA,
  year = 2004,
  volume = 88,
  number = 2,
  month = "February",
  pages = "365--411",
}

@article{lee1999lpo,
  author = "Daniel D. Lee and
    H. Sebastian Seung",
  title = "Learning the parts of objects by non-negative matrix factorization",
  journal = J_Nature,
  year = 1999,
  volume = 401,
  month = "October"
}

@inproceedings{lee2006elr,
  author = "Su-In Lee and
    Honglak Lee and
    Pieter Abbeel and 
    Andrew Y. Ng",
  title = "Efficient {$L_1$} Regularized Logistic Regression",
  booktitle = P_AAAI2006,
  year = 2006,
}

@article{lee2009knm,
  author = "Hyekyoung Lee and
    Andrzej Chicocki and
    Seungjin Choi",
  title = "Kernel nonnegative matrix factorization for spectral {EEG} feature
    extraction",
  journal = J_Neurocomputing,
  year = 2009,
  volume = 72,
  number = "13--15",
  pages = "3182--3190",
}
  
@inproceedings{leeb2005wtn,
	author = "Leeb, Robert and 
    Keinrath, Claudia and 
    Friedman, Doron and 
    Guger, Christoph and 
    Neuper, Christa and 
    Garau, Maia and 
    Antley, Angus and 
    Steed, Anthony and 
    Slater, Mel and 
    Pfurtscheller, Gert",
	title = "Walking from thoughts: Not the muscles are crucial but 
    the brain waves!",
  booktitle = P_8AIWP,
	pages = "25--32",
	year = 2005,
}

@article{lisman1995s72,
  author = "John E. Lisman and
    Marco A. P. Idiart",
  title = "Storage of 7$\pm$2 Short-Term Memories in Oscillatory Subcycles",
  journal = J_Science,
  year = 1995,
  volume = 267,
  number = 5203,
  pages = "1512--1515"
}

@inproceedings{lotte2009cdt,
  author = "Fabien Lotte and
    Cuntai Guan and
    Kai Keng Ang",
  title = "Comparison of Designs Towards a Subject-Independent Brain-Computer
    Interface based on Motor Imagery",
  booktitle = P_EMBC2009,
  year = 2009,
  pages = "4543--4546"
}

@article{loughin2004scm,
  author = "Thomas M. Loughin",
  title = "A systematic comparison of methods for combining $p$-values from
    independent tests",
  journal = J_CSDA,
  volume = 47,
  year = 2004,
  pages = "467--485",
}

@article{maris2011sdp,
  author = "Eric Maris and
    Marieke van Vugt and
    Michael Kahana",
  title = "Spatially distributed patterns of oscillatory coupling between 
    high-frequency amplitudes and low-frequency phases in human {iEEG}",
  journal = J_NI,
  year = 2011,
  volume = 54,
  pages = "836--850"
}

@article{mazaheri2008aam,
  author = "Ali Mazaheri and
    Ole Jensen",
  title = "Asymmetric Amplitude Modulations of Brain Oscillations Generate Slow
    Evoked Responses",
  year = 2008,
  journal = J_TJN,
  volume = 28,
  number = 31,
  pages = "7781--7787"
}

@article{mcfarland2000mbr,
  author = "Dennis J. McFarland and 
    Laurie A. Miner and
    Theresa M. Vaughan and 
    Jonathan R. Wolpaw",
  title = "Mu and Beta Rhythm Topographies During Motor Imagery and 
    Actual Movements",
  journal = J_BT,
  volume = 12,
  number = 3,
  year = 2000,
  pages = "117--186",
  month = "October"
}

@inproceedings{meinecke2009lis,
  author = "Frank C. Meinecke and
    Paul von B{\"u}nau and
    Motoaki Kawanabe and
    Klaus-Robert M{\"uller}",
  title = "Learning Invariances with Stationary Subspace Analysis",
  booktitle = P_ICCV2009,
  pages = "87--92",
  year = 2009,
  month = "September"
}

@article{millan2010cbc,
  author = "del R. Mill{\'a}n, Jos{\'e} and
    Rupp, R{\"u}diger and
    M{\"u}ller-Putz, Gernot and
    Murray-Smith, Roderick and
    Giugliemma, Claudio and
    Tangermann, Michael and 
    Vidaurre, Carmen and
    Cincott, Febo and 
    K{\"u}bler, Andrea and
    Leeb, Robert and
    Neuper, Christa and
    M{\"u}ller, Klaus-Robert and 
    Mattia, Donatella",
  title = "Combining brain-computer interfaces and assistive technologies: 
    state-of-the-art and challenges",
  journal = J_FN,
  year = 2010,
  volume = 4,
  pages = "161",
}

@article{mueller2008mlr,
  author = "Klaus-Robert M{\"u}ller and
    Michael Tangermann and
    Guido Dornhege and
    Matthias Krauledat and
    Gabriel Curio and
    Benjamin Blankertz",
  title = "Machine learning for real-time single-trial {EEG}-analysis:
    From brain-computer interfacing to mental state monitoring",
  journal = J_JNM,
  volume = 167,
  year = 2008,
  pages = "82--90"
}

@inproceedings{nijboer2011psp,
  author = "Femke Nijboer and 
    Brendan Allison and 
    Stephen Dunne and 
    Danny Plass-Oude Bos and 
    Anton Nijholt and 
    Pim Haselager",
  title = "A preliminary survey on the perception of marketability of
    Brain-Computer Interfaces ({BCI}) and initial development of a repository of
    BCI companies",
  booktitle = P_BCIC2011,
  year = 2011,
  note = "Accepted"
}

@book{nunez2006efb,
  author = "Paul L. Nunez and
    Ramesh Srinivasan",
  title = "Electric fields of the brain: the neurophysics of {EEG}",
  publisher = "Oxford University Press",
  edition = "second",
  year = 2006
}
  
@article{onslow2010qpa,
  author = "Angela C.E. Onslow and
    Rafal Bogacz and
    Matthew W. Jones",
  title = "Quantifying phase--amplitude coupling in neuronal network 
    oscillations",
  journal = J_PBMB,
  year = 2010,
  note = "In press, corrected proof"
}

@article{osipova2008gpp,
  author = "Daria Osipova and
    Dora Hermes and
    Ole Jensen",
  title = "Gamma Power Is Phase-Locked to Posterior Alpha Activity",
  journal = J_PLOS,
  year = 2008,
  month = "December",
  volume = 3,
  number = 12,
  pages = "e3990"
}

@article{penny2008tno,
  author = "Will D. Penny and
    Emrah Duzel and
    Kai J. Miller and
    Jeffrey G. Ojemann",
  title = "Testing for nested oscillation",
  journal = J_JNM,
  year = 2008,
  volume = 174,
  number = 1,
  pages = "50--61"
}

@article{pineda2003lcb,
	author = "Pineda, Jaime A. and 
    Silverman, David S. and 
    Vankov, Andrey and 
    Hestenes, John",
	title = "Learning to control brain rhythms: 
    making a brain-computer interface possible",
	journal = J_ITNSRE,
	volume = 11,
	number = 2,
	pages = "181--184",
	year = 2003,
  month = "June",
}

@article{pfurtscheller1999eem,
  author = "Pfurtscheller, Gert and Lopes da Silva, Fernando Henrique",
  title = "Event-related {EEG}/{MEG} synchronization and desynchronization:
    basic principles",
  journal = J_CN,
  year = 1999,
  volume = 110,
  pages = "1842--1857"
}

@inproceedings{portera2004gql,
  author = "Filippo Portera and
    Alessandro Sperduti",
  title = "A generalized quadratic loss exploiting target information for 
    Support Vector Machines",
  booktitle = P_ECAI2004,
  publisher = "IOS Press",
  year = 2004,
  pages = "628--632"
}

@book{pindyck1991eme,
  author = "Robert S. Pindyck and
    Daniel L. Rubinfeld",
  title = "Econometric models and economic forecasts",
  year = 1991,
  publisher = "McGraw-Hill",
  address = "New York"
}

@article{ramoser2000osf,
	author = "Ramoser, Herbert and M{\"u}ller-Gerking, Johannes and Pfurtscheller, Gert",
	title = "Optimal spatial filtering of single trial {EEG} during imagined 
    hand movement",
  journal = J_ITRE,
	year = 2000,
	volume = 8,
	number = 4,
	pages = "441--446",
}

@inproceedings{satti2010csm,
  author = "Abdul Satti and
    Cuntai Guan and
    Damien Coyle and
    Girijesh Prasad",
  title = "A Covariate Shift Minimisation Method to Alleviate Non-stationarity
    Effects for an Adaptive Brain-Computer Interface",
  booktitle = P_ICPR2010,
  year = 2010,
  pages = "105--108"
}

@article{schalk2004bgp,
  author = "Gerwin Schalk and
    Dennis J. McFarland and
    Thilo Hinterberger and
    Niels Birbaumer and
    Jonathan R. Wolpaw",
  title = "{BCI2000}: a general-purpose brain-computer interface ({BCI}) 
    system.",
  journal = J_ITBE,
  year = 2004,
  volume = 51,
  number = 6,
  pages = "1034--1043"
}

@misc{schalk2011pc,
  author = "Gerwin Schalk",
  year = 2011,
  note = "Personal correspondence"
}

@article{scheirer2002fup,
  author = "Jocelyn Scheirer and 
    Raul Fernandez and
    Jonathan Klein and
    Rosalind W. Picard",
  title = "Frustrating the User On Purpose: A Step Toward Building an 
    Affective Computer",
  journal = J_IC,
  volume = 14,
  year = 2002,
  pages = "93--118",
  month = "February"
}

@article{schloegl2007fac,
  author = "Alois Schl{\"o}gl and 
    Claudia Keinrath and
    Doris Zimmermann and 
    Reinhold Scherer and 
    Robert Leeb and 
    Gert Pfurtscheller",
  title = "A fully automated correction method of {EOG} artifacts in {EEG}
    recordings",
  journal = J_CN,
  volume = 118,
  year = 2007,
  pages = "98--104"
}

@inproceedings{schmidt2007fom,
  author = "Mark Schmidt and
    Glenn Fung and
    R{\'o}mer Rosales",
  title = "Fast Optimization Methods for {L1} Regularization: A Comparative
    Study and Two New Approaches",
  booktitle = P_ECML2007,
  series = S_LNCS,
  year = 2007,
  volume = "4701/2007",
  pages = "286--297",
}


@article{schoffelen2009sca,
  author = "Jan-Mathijs Schoffelen and
    Joachim Gross",
  title = "Source Connectivity Analysis With {MEG} and {EEG}",
  journal = J_HBM,
  year = 2009,
  volume = 30,
  pages = "1857--1865"
}

@article{schoffelen2010iia,
  author = "Jan-Mathijs Schoffelen and
    Joachim Gross",
  title = "Improving the Interpretability of All-to-All Pairwise Source
    Connectivity Analysis in {MEG} With Nonhomogeneous Smoothing",
  journal = J_HBM,
  year = 2010,
  note = "In press."
} 

@book{scholkopf2001lwk,
  title = "Learning with Kernels",
  author = "Bernhard Sch{\"o}lkopf and
    Alexander J. Smola",
  year = 2001,
  publisher = "The MIT Press"
}

@article{schubert1999mec,
  author = "Emery Schubert",
  title = "Measuring Emotion Continuously: Validity and Reliability of 
    the Two Dimensional Emotion Space",
  journal = J_AJP,
  volume = 51,
  number = 3,
  year = 1999,
  pages =  "154--165"
}

@article{shenoy2006tac,
  title = "Towards adaptive classification for {BCI}",
  author = "Pradeep Shenoy and
    Matthias Krauledat and
    Benjamin Blankertz and
    Rajesh P. N. Rao and 
    Klaus-Robert M{\"u}ller",
  year = 2006,
  journal = J_JNE,
  volume = 3,
  number = 1,
  pages = "R13--R23"
}


@article{shibasaki2006wb,
  author = "Hiroshi Shibasaki and Mark Hallett",
  title = "What is the Bereitschaftspotential?",
  journal = J_CN,
  year = 2006,
  volume = 117,
  number = 11,
  pages = "2341--2356"
}

@article{slobounov2004pef,
  author = "Semyon Slobounov and
    Mark Hallett and
    Karl M. Newell",
  title = "Perceived effort in force production as reflected in motor-related
    cortical potentials",
  journal = J_CN,
  volume = 115,
  year = 2004,
  pages = "2391--2402"
}

@article{stancak1997eel,
  author = "Stan{\v c}{\'a}k Jr., Andrej and
    Andrea Riml and
    Gert Pfurtscheller",
  title = "The effects of external load on movement-related changes of the
    sensorimotor {EEG} rhythms",
  journal = J_ECN,
  volume = 102,
  year = 1997,
  pages = "495--504"
}

@article{sun2006afe,
  author = "Shiliang Sun and 
    Changshui Zhang",
  title = "Adaptive feature extraction for EEG signal classification",
  journal = J_MBEC,
  year = 2006,
  volume = 44,
  pages = "931--935"
}

@incollection{tangermann2009ppw,
  author = "Michael W. Tangermann and 
    Matthias Krauledat and 
    Konrad Grzeska and 
    Max Sagebaum and 
    Benjamin Blankertz and 
    Carmen Vidaurre and 
    Klaus-Robert M{\"u}ller",
  title = "Playing Pinball with non-invasive {BCI}",
  booktitle = P_NIPS,
  volume = 21,
  publisher = "MIT Press",
  pages = "1641--1648",
  year = 2009
}

@inproceedings{tomioka2006asf,
  author = "Ryota Tomioka and
    Jeremy Hill and
    Benjamin Blankertz and
    Kazuyuki Aihara",
  title = "Adapting Spatial Filtering Methods for Nonstationary {BCIs}",
  booktitle = P_IBIS2006,
  year = 2006,
}

@article{tonet2008dbm,
  author = "Oliver Tonet and
    Martina Marinelli and
    Luca Citi and
    Paolo Maria Rossini and
    Luca Rossini and
    Giuseppe Megali and
    Paolo Dario", 
  title = "Defining brain-machine interface applications by matching interface
    performance with device requirements",
  journal = J_JNM,
  volume = 167,
  number = 1,
  pages = "91--104",
  year = 2008
}

@article{tort2009tgc,
  author = "Adriano B. L. Tort and
    Robert W. Komorowski and
    Joseph R. Manns and
    Nancy J. Kopell and 
    Howard Eichenbaum",
  title = "Theta-gamma coupling increases during the learning of item-context 
    associations",
  year = 2009,
  journal = J_PNAS,
  volume = 106,
  number = 49,
  pages = "20942--20947"
}

@article{tort2010mpa,
  author = "Adriano B. L Tort and
    Robert W. Komorowski and
    Howard Eichenbaum and
    Nancy J. Kopell",
  title = "Measuring Phase-Amplitude Coupling Between Neuronal 
    Oscillations of Different Frequencies",
  journal = J_JN,
  year = 2010,
  volume = 104,
  number = 2,
  pages = "1195--1210",
}

@article{vangerven2009ist,
  author = "Marcel van Gerven and
    Christian Hesse and
    Ole Jensen and
    Tom Heskens",
  title = "Interpreting single trial data using groupwise regularisation",
  journal = J_NI,
  year = 2009,
  volume = 46,
  pages = "665--676"
}

@article{vangerven2009bci,
  author = "Marcel van Gerven and
    Jason Farquhar and
    Rebecca Schaefer and
    Rutger Vlek and
    Jeroen Geuze and
    Anton Nijholt and
    Nick Ramsey and
    Pim Haselager and
    Louis Vuurpijl and
    Stan Gielen and
    Peter Desain",
  title = "The brain-computer interface cycle",
  journal = J_JNE,
  year = 2009,
  volume = 6,
  number = 4,
  pages = "041001 (10pp)"
}

@article{vangerven2009amp,
  author = "Marcel van Gerven and
    Ole Jensen",
  title = "Attention modulations of posterior alpha as a control signal
    for two-dimensional brain-computer interfaces",
  journal = J_JNM,
  year = 2009,
  volume = 179,
  pages = "78--84"
}

@article{vidal1977rtd,
  author = "Jacques J. Vidal",
  title = "Real-Time Detection of Brain Events in {EEG}",
  journal = J_PIEEE,
  year = 1977,
  volume = 65,
  number = 5,
  pages = "633--641",
  month = "May",
}

@article{vidaurre2007sol,
  author = "Carmen Vidaurre and
    Alois Schl{\"o}gl and
    Rafael Cabeza and
    Reinhold Scherer and
    Gert Pfurtscheller",
  title = "Study of On-Line Adaptive Discriminant Analysis for {EEG}-Based
    Brain Computer Interfaces",
  journal = J_ITBE,
  volume = 54,
  number = 3,
  pages = "550--556",
  year = 2007,
  month = "March"
}

@inproceedings{vidaurre2008ual,
  author = "Carmen Vidaurre and
    Alois Schl{\"o}gl and
    Benjamin Blankertz and
    Motoaki Kawanabe and 
    Klaus-Robert M{\"u}ller",
  title = "Unsupervised adaptation of the {LDA} classifier for Brain-Computer
    Interfaces",
  booktitle = P_4IBWTC,
  publisher = "Verlag der Technischen Universit{\"a}t Graz",
  year = 2008,
  pages = "122--127"
}

@article{vidaurre2009tdp,
  author = "Carmen Vidaurre and
    Nicole Kr{\"a}mer and
    Benjamin Blankertz and
    Alois Schl{\"o}gl",
  title = "Time Domain Parameters as a feature for {EEG}-based Brain-Computer
    Interfaces",
  journal = J_NN,
  year = 2009,
  volume = 22,
  pages = "1313--1319"
}

@article{vidaurre2010tcb,
  author = "Carmen Vidaurre and
    Benjamin Blankertz",
  title = "Towards a Cure for {BCI} Illiteracy",
  journal = J_BT,
  year = 2010,
  volume = 32,
  number = 2,
  pages = "194--198"
}

@inproceedings{vidaurre2010mlb,
  author = "Carmen Vidaurre and
    Claudia Sannelli and
    Klaus-Robert M{\"u}ller and
    Benjamin Blankertz",
  title = "Machine-Learning Based Co-adaptive Calibration:
    A Perspective to Fight {BCI} Illiteracy",
  booktitle = P_HAIS,
  series = S_LNCS,
  year = 2010,
  volume = "6076/2010",
  pages = "413--420"
}

@article{vidaurre2011tua,
  author = "Carmen Vidaurre and
    Motoaki Kawanabe and
    Paul von B{\"u}nau and
    Benjamin Blankertz and
    Klaus-Robert M{\"u}ller",
  title = "Toward Unsupervised Adaptation of {LDA} for Brain-Computer
    Interfaces",
  year = 2011,
  journal = J_ITBE,
  volume = 58,
  number = 3,
  pages = "587--597",
  month = "March"
}


@article{wipf2009ubf,
  author = "David Wipf and
    Srikantan Nagrajan",
  title = "A unified Bayesian framework for {MEG}/{EEG} source imaging",
  journal = J_NI,
  year = 2009,
  volume = 44,
  pages = "947--966",
}

@article{wolpaw1998ebc,
  author = "Jonathan R. Wolpaw and
    Herbert Ramoser and
    Dennis J. McFarland and
    Gert Pfurtscheller",
  title = "{EEG}-Based Communication: Improved Accuracy by Response 
    Verification",
  journal = J_ITRE,
  volume = 6,
  number = 3,
  year = 1998,
  pages = "326--333"
}

@article{wolpaw2002bci,
  author = "Jonathan R. Wolpaw and
    Niels Birbaumer and
    Dennis J. McFarland and
    Gert Pfurtscheller and
    Theresa M. Vaughan",
  title = "Brain-computer interfaces for communication and control",
  journal = J_CN,
  year = 2002,
  volume = 113,
  number = 6,
  pages = "767--791",
}

@article{wolpaw2006bm2,
  author = "Jonathan R. Wolpaw and
    Gerald E. Loeb and
    Brendan Z. Allison and
    Emanuel Donchin and
    do Nascimento, Omar Feix and
    William J. Heetderks and
    Femke Nijboer and
    William G. Shain and
    James N. Turner",
  title = "{BCI} meeting 2005---Workshop on signals and recording methods",
  journal = J_ITNSRE,
  year = 2006,
  volume= 14,
  number = 2,
  pages = "138--141"
}
    
@phdthesis{wyczesany2010cmb,
  title = "Covariation of mood and brain activity",
  author = "Miros\l{}aw Wyczesany",
  school = "Radboud Universiteit Nijmegen",
  year = 2010
}

@inproceedings{yoo2009wnm,
  author = "Jiho Yoo and 
    Seungjin Choi",
  title = "Weighted Nonnegative Matrix Co-Tri-Factorization for Collaborative
    Prediction",
  series = S_LNCS,
  booktitle = P_AML,
  year = 2009,
  volume = "5828/2009",
  pages = "396-411"
}

@inproceedings{zander2009usi,
  title = "Utilizing Secondary Input from Passive Brain-Computer Interfaces for
    Enhancing Human-Machine Interaction",
  author = "Thorsten O. Zander and
    Christian Kothe and
    Sebastian Welke and
    Matthias R{\"o}tting",
  booktitle = S_LNCS,
  year = 2009,
  volume = "5638/2009",
  pages = "759--771"
}

@article{zander2011des,
  author = "Thorsten O. Zander and
    Moritz Lehne and
    Klas Imhe and
    Sabine Jatzev and
    Joao Correia and
    Christian Kothe and
    Bernd Picht and
    Femke Nijboer",
  title = "A dry {EEG}-system for scientific research and brain-computer
    interfaces",
  journal = J_FN,
  year = 2011,
  volume = 5,
  pages = "53",
}

@article{zander2011tpb,
  author = "Thorsten O. Zander and
    Christian Kothe",
  title = "Towards passive brain-computer interfaces: applying brain-computer
    interface technology to human-machine systems in general", 
  journal = J_JNE,
  year = 2011,
  volume = 8,
  number = 2,
  pages = "025005 (5pp)"
}

@inproceedings{zhang2007tvs,
  author = "Haihong Zhang and 
    Chuanchu Wang and
    Cuntai Guan",
  title = "Time-Variant Spatial Filtering for Motor Imagery Classification",
  booktitle = P_EMBS2007,
  year = 2007,
  pages = "3124--3127"
}
