# This file is maintained in my notes repository. Please do not edit, all
# changes will be lost.

@phdthesis{reuderink2011rbc,
  author = "Boris Reuderink",
  title = "Robust Brain-Computer Interfaces",
  school = "University of Twente",
  year = 2011,
  month = "October",
  note = "Accepted."
}

@article{reuderink2011ilc,
  author = "Boris Reuderink and
    Mannes Poel and
    Anton Nijholt",
  title = "The Impact of Loss of Control on Movement {BCIs}",
  journal = J_ITNSRE,
  year = 2011,
  note = "To appear."
}

@inproceedings{reuderink2011sib,
  author = "Boris Reuderink and
    Jason Farquhar and
    Mannes Poel and
    Anton Nijholt",
  title = "A Subject-Independent Brain-Computer Interface based on Smoothed, 
    Second-Order Baselining",
  booktitle = P_EMBC2011,
  year = 2011,
  note = "To appear."
}

@techreport{hakvoort2011cpc,
  title = "Comparison of {PSDA} and {CCA} detection methods in a {SSVEP}-based 
    {BCI}-system",
  author = "Gido Hakvoort and
    Boris Reuderink and
    Michel Obbink",
  institution = I_HMI,
  publisher = I_CTIT,
  address = "Enschede",
  number = "TR-CTIT-11-03",
  year = 2011,
  month = "February" 
}

@article{reuderink2012vad,
  author = "Boris Reuderink and
    Christian M{\"u}hl and
    Mannes Poel",
  title = "Valence, arousal and dominance in the {EEG} during game play",
  journal = J_IJAACS,
  year = 2012,
  note = "To appear."
}

@article{reuderink2010sss,
  author = "Boris Reuderink and
    Jason Farquhar and
    Mannes Poel",
  title = "Slow Sphering to Suppress Non-Stationarities in the {EEG}",
  journal = J_IJBEM,
  year = 2010,
  note = "To appear."
}

@article{vandelaar2010eue,
  author = "van de Laar, Bram L. A. and
    Oude Bos, Danny and
    Reuderink, Boris and
    Heylen, Dirk K. J.",
  title = "Evaluating User Experience of Actual and Imagined Movement in 
    {BCI} Gaming",
  journal = J_IJGCMS,
  year = 2010,
  volume = 2,
  number = 4,
  pages = "33--47",
}

@inproceedings{vanvliet2010gwy,
  author = "Marijn van Vliet and
    Christian M{\"u}hl and
    Boris Reuderink and
    Mannes Poel",
  title = "Guessing What's on Your Mind: Using the {N400} in Brain Computer 
    Interfaces",
  booktitle = P_BI, 
  series = S_LNCS,
  year = 2010,
  volume = "6334/2010",
  pages = "180--191"
}

@inproceedings{plass-oudebos2010hci,
  author = "Plass-Oude Bos, Danny and
    Reuderink, Boris and
    van de Laar, Bram and
    G{\"u}rk{\"o}k, Hayrettin and
    M{\"u}hl, Christian and
    Poel, Mannes and
    Heylen, Dirk K. J. and
    Nijholt, Anton",
  title = "Human-Computer Interaction for {BCI} Games: 
    Usability and User Experience",
  booktitle = P_CW2010,
  year = 2010,
  pages = "277--281"
}

@inbook{plass-oudebos2010bci,
  author = "Plass-Oude Bos, Danny and
    Boris Reuderink and
    van de Laar, Bram L. A. and
    Hayrettin G{\"u}rk{\"o}k and
    Christian M{\"u}hl and
    Mannes Poel and
    Anton Nijholt and
    Heylen, Dirk K. J.",
  title = "Brain-Computer Interfacing and Games",
  booktitle = "Brain-Computer Interfaces: Applying our Minds to Human-Computer
    Interaction",
  series = S_HCIS, 
  publisher = "Springer",
  address = "London",
  year = 2010,
  month = "June",
  pages = "149--178"
}

@inproceedings{plass-oudebos2011lay,
  author = "Plass-Oude Bos, Danny and
    Duvinage, Matthieu and
    Oktay, Oytun and
    Delgado Saa, Jaime and
    G{\"u}r{\"u}ler, Huseyin and
    Istanbullu, Ayhan and
    van Vliet, Marijn and
    van de Laar, Bram and
    Poel, Mannes and
    Roijendijk, Linsey and
    Tonin, Luca and
    Bahramisharif, Ali and
    Reuderink, Boris",
  title = "Looking around with your brain in a virtual world",
  booktitle = P_SSCI2011,
  year = 2011
}

@inproceedings{nijholt2009tsc,
  author = "Nijholt, Anton and 
    Reuderink, Boris and 
    Oude Bos, Danny",
  title = "Turning Shortcomings into Challenges: 
    Brain-Computer Interfaces for Games",
  booktitle = P_INTETAIN2009,
  series = S_LNICSSITE,
  volume = 9,
  pages = "153--168",
  year = 2009,
  month = "May",
}

@article{nijholt2009tsc2,
  author = "Nijholt, Anton and 
    Plass-Oude Bos, Danny and
    Reuderink, Boris",
  title = "Turning Shortcomings into Challenges: 
    Brain-Computer Interfaces for Games",
  journal = J_EC,
  year = 2009,
  volume = 1,
  number = 2,
  pages = "85--94",
  month = "October",
}

@inproceedings{vandelaar2009aim,
  author = "van de Laar, Bram L. A. and
    Oude Bos, Danny and
    Reuderink, Boris and
    Heylen, Dirk K. J.",
  title = "Actual and Imagined Movement in {BCI} Gaming",
  booktitle = P_AISB2009,
  address = "Heriot-Watt University, Edinburgh, Scotland",
  publisher = "The Society for the Study of Artificial Intelligence
    and the Simulation of Behaviour",
  year = 2009,
  pages = "59--63",
  month = "April"
}

@inproceedings{reuderink2009apf,
  author = "Reuderink, Boris and Nijholt, Anton and Poel, Mannes",
  title = "{A}ffective {P}acman: A Frustrating Game for Brain-Computer Interface Experiments",
  booktitle = P_INTETAIN2009,
  series = S_LNICSSITE,
  volume = 9,
  year = 2009,
  month = "May",
  pages = "221--227",
}

@inproceedings{oudebos2008bbg,
  author = "Oude Bos, Danny and Reuderink, Boris",
  title = "{BrainBasher}: a {BCI} Game",
  booktitle = P_ICFG2008,
  address = "Eindhoven, The Netherlands",
  publisher = "Eindhoven University of Technology",
  pages = "36--39",
  year = 2008,
  month = "October",
}

@techreport{reuderink2008gbc,
  author = "Boris Reuderink",
  title = "Games and Brain-Computer Interfaces: The State of the Art",
  institution = I_HMI,
  publisher = I_CTIT,
  year = 2008,
  month = "September",
  number = "TR-CTIT-08-81",
}

@inproceedings{reuderink2008avl,
  title = "Decision-Level Fusion for Audio-Visual Laughter Detection",
  author = "Boris Reuderink and 
    Mannes Poel and 
    Khiet P. Truong and 
    Ronald W. Poppe and 
    Maja Pantic",
  booktitle = P_MLMI2008,
  volume = "5237/2008",
  editor = "Popescu-Belis, Andrei and Stiefelhagen, Rainer",
  publisher = "Springer",
  series = S_LNCS,
  address = "Berlin / Heidelberg",
  pages = "137--148",
  year = 2008,
  month = "September"
}

@techreport{reuderink2008rcs,
  title = "Robustness of the Common Spatial Patterns algorithm in the 
    {BCI}-pipeline",
  author = "Reuderink, Boris and Poel, Mannes",
  address = "Enschede",
  institution = I_HMI,
  publisher = I_CTIT,
  year = 2008,
  month = "July",
  number = "TR-CTIT-08-52",
}

@techreport{reuderink2007ffa,
  author = "Reuderink, Boris",
  address = "Enschede",
  title = "Fusion for Audio-Visual Laughter Detection",
  institution = I_HMI,
  publisher = I_CTIT,
  year = 2007,
  month = "December",
  number = "TR-CTIT-07-84",
}
